@misc{cuda,
	author={NVIDIA and Vingelmann, Péter and Fitzek, Frank H.P.},
	title={CUDA, release: 10.2.89},
	year={2020},
	url={https://docs.nvidia.com/cuda/cuda-runtime-api/group__CUDART__MEMORY.html},
}

@book{10.5555/2430671,
	author = {Cook, Shane},
	title = {CUDA Programming: A Developer’s Guide to Parallel Computing with GPUs},
	year = {2012},
	isbn = {9780124159334},
	publisher = {Morgan Kaufmann Publishers Inc.},
	address = {San Francisco, CA, USA},
	edition = {1st}
}